@electronic{image_size,
  title         = {{Loading large bitmaps efficiently}},
  howpublished  = {\url{https://developer.android.com/topic/performance/graphics/load-bitmap}}
}

@electronic{handle_image,

  howpublished  = {\url{https://developer.android.com/topic/performance/graphics}}
}

@electronic{apps_number,
  title         = {{Google Play Statistics}},
  howpublished  = {\url{https://www.statista.com/statistics/266210/number-ofavailable-applications-in-the-google-play-store/}}
}

@electronic{market_share,
  title         = {{mobile operating system market share worldwide 2018}},
  howpublished  = {\url{http://gs.statcounter.com/os-market-share/mobile/worldwide}}
}

@inproceedings{performance,
  title={Leveraging Program Analysis to Reduce User-Perceived Latency in Mobile Applications},
  author={Zhao, Yixue and Laser, Marcelo Schmitt and Lyu, Yingjun and Medvidovic, Nenad},
  booktitle={International Conference on Software Engineering},
  year={2018}
}

@electronic{UI_decoding,
  title         = {{Media-preview-delay}},
  howpublished  = {\url{https://github.com/wordpress-mobile/WordPress-Android/issues/5777}}
}

@electronic{no_cache,
  title         = {{UI improvements \& better image loading}},
  howpublished  = {\url{https://github.com/TeamNewPipe/NewPipe/pull/166}}
}

@electronic{f-droid,
  title         = {{F-Droid: A Catalogue of Open-Source Android Apps}},
  howpublished  = {\url{https://fdroid.org/}}
}

@electronic{github,
  title         = {{GitHub}},
  howpublished  = {\url{https://github.com/}}
}

@electronic{google_play,
  title         = {{Google play store}},
  howpublished  = {\url{https://play.google.com/}}
}

@electronic{blue_alliance,
  title         = {{The-Blue-Alliance}},
  howpublished  = {\url{https://github.com/the-blue-alliance/the-blue-alliance-android}}
}

@electronic{OpenNoteScanner,
  title         = {{OpenNoteScanner}},
  howpublished  = {\url{https://github.com/ctodobom/OpenNoteScanner}}
}

@electronic{Squeezer,
  title         = {{Squeezer}},
  howpublished  = {\url{https://github.com/nikclayton/android-squeezer}}
}

@electronic{Owncloud,
  title         = {{Owncloud}},
  howpublished  = {\url{https://github.com/owncloud/android}}
}

@electronic{WordPress,
  title         = {{WordPress}},
  howpublished  = {\url{https://github.com/wordpress-mobile/WordPress-Android}}
}

@electronic{AntennaPod,
  title         = {{AntennaPod}},
  howpublished  = {\url{https://github.com/AntennaPod/AntennaPod}}
}

@electronic{Mtg-familiar,
  title         = {{Mtg-familiar}},
  howpublished  = {\url{https://github.com/AEFeinstein/mtg-familiar}}
}

@electronic{Android_framework,
  title         = {{Android platform architecture}},
  howpublished  = {\url{https://developer.android.com/guide/platform/}}
}

@electronic{Android_API,
 
  howpublished  = {\url{https://developer.android.com/reference/}}
}

@electronic{soot,
  title         = {{Soot project website}},
  howpublished  = {\url{http://sable.github.io/soot/}}
}

@electronic{AsyncTask,
  title         = {{AsyncTask}},
  howpublished  = {\url{https://developer.android.com/reference/android/os/AsyncTask}}
}

@electronic{picasso,
  title         = {{Picasso}},
  howpublished  = {\url{http://square.github.io/picasso/}}
}

@electronic{glide,
  title         = {{Glide}},
  howpublished  = {\url{https://github.com/bumptech/glide}}
}

@electronic{fresco,
  title         = {{Fresco}},
  howpublished  = {\url{https://github.com/facebook/fresco}}
}

@electronic{ANR,
  title         = {{Applicatioon Not Responding}},
  howpublished  = {\url{https://developer.android.com/topic/performance/vitals/anr}}
}


@electronic{NewsBlur,
  title         = {{NewsBlur}},
  howpublished  = {\url{https://github.com/samuelclay/NewsBlur}}
}

@electronic{Slide,
  title         = {{Slide}},
  howpublished  = {\url{https://github.com/ccrama/Slide}}
}

@electronic{Muzei,
  title         = {{Muzei}},
  howpublished  = {\url{https://github.com/romannurik/muzei}}
}

@electronic{decodeFile,
  title         = {{BitmapFactory}},
  howpublished  = {\url{https://developer.android.com/reference/android/graphics/BitmapFactory.html}}
}

@electronic{Subsonic,
  title         = {{Subsonic}},
  howpublished  = {\url{https://github.com/daneren2005/Subsonic}}
}

@electronic{PhotoAffix,
  title         = {{PhotoAffix}},
  howpublished  = {\url{https://github.com/afollestad/photo-affix}}
}

@electronic{Kontalk,
  title         = {{Kontalk}},
  howpublished  = {\url{https://github.com/kontalk/androidclient}}
}

@electronic{OneBusAway,
  title         = {{OneBusAway}},
  howpublished  = {\url{https://github.com/OneBusAway/onebusaway-android}}
}

@electronic{NewPipe,
  title         = {{NewPipe}},
  howpublished  = {\url{https://github.com/TeamNewPipe/NewPipe}}
}

@electronic{MoneyManagerEx,
  title         = {{MoneyManagerEx}},
  howpublished  = {\url{https://github.com/moneymanagerex/android-money-manager-ex}}
}

@electronic{BlueAlliance,
  title         = {{BlueAlliance}},
  howpublished  = {\url{https://github.com/the-blue-alliance/the-blue-alliance-android}}
}

@electronic{Geopaparazzi,
  title         = {{Geopaparazzi}},
  howpublished  = {\url{https://github.com/geopaparazzi/geopaparazzi}}
}

@electronic{Seadroid,
  title         = {{Seadroid}},
  howpublished  = {\url{https://github.com/haiwen/seadroid}}
}

@electronic{Passandroid,
  title         = {{Passandroid}},
  howpublished  = {\url{https://github.com/ligi/PassAndroid}}
}

@electronic{Kore,
  title         = {{Kore}},
  howpublished  = {\url{https://github.com/xbmc/Kore}}
}

@electronic{MPDroid,
  title         = {{MPDroid}},
  howpublished  = {\url{https://github.com/abarisain/dmix}}
}

@electronic{Aphotomanager,
  title         = {{Aphotomanager}},
  howpublished  = {\url{https://github.com/k3b/APhotoManager}}
}

@electronic{4pdaclient,
  title         = {{4pdaclient}},
  howpublished  = {\url{https://github.com/slartus/4pdaClient-plus}}
}

@electronic{DocumentViewer,
  title         = {{DocumentViewer}},
  howpublished  = {\url{https://github.com/PrivacyApps/document-viewer}}
}

@electronic{Conversations,
  title         = {{Conversations}},
  howpublished  = {\url{https://github.com/siacs/Conversations}}
}

@electronic{Kiss,
  title         = {{Kiss}},
  howpublished  = {\url{https://github.com/Neamar/KISS}}
}

@electronic{Easy-xkcd,
  title         = {{Easy-xkcd}},
  howpublished  = {\url{https://github.com/T-Rex96/Easy_xkcd}}
}

@electronic{Bubble,
  title         = {{Bubble}},
  howpublished  = {\url{https://github.com/nkanaev/bubble}}
}

@electronic{Satstat,
  title         = {{Satstat}},
  howpublished  = {\url{https://github.com/mvglasow/satstat}}
}

@electronic{Qksms,
  title         = {{Qksms}},
  howpublished  = {\url{https://github.com/moezbhatti/qksms}}
}

@electronic{PhotoView,
  title         = {{PhotoView}},
  howpublished  = {\url{https://github.com/chrisbanes/PhotoView}}
}

@electronic{Chips,
  title         = {{Chips}},
  howpublished  = {\url{https://github.com/klinker41/android-chips}}
}

@electronic{image-slow-displaying,
  howpublished  = {\url{https://github.com/kontalk/androidclient/issues/789}}
}

@electronic{lagging,
  howpublished  = {\url{https://github.com/nikclayton/android-squeezer/issues/171}}
}

@electronic{crash,
  howpublished  = {\url{https://github.com/the-blue-alliance/the-blue-alliance-android/issues/588}}
}

@electronic{anr1,
  howpublished  = {\url{https://github.com/ccrama/Slide/issues/1639}}
}

@electronic{anr2,
  howpublished  = {\url{https://github.com/haiwen/seadroid/pull/293}}
}

@electronic{issue-resizing-crash,
  howpublished  = {\url{https://github.com/opendatakit/collect/issues/1237}}
}

@electronic{UI-slow,
  howpublished  = {\url{https://github.com/kontalk/androidclient/issues/789}}
}

@electronic{WordPress-case-study,
  howpublished  = {\url{https://github.com/wordpress-mobile/WordPress-Android/issues/5701}}
}

@electronic{dex2jar,
  title         = {{dex2jar}},
  howpublished  = {\url{https://sourceforge.net/projects/dex2jar/}}
}

@inproceedings{carette2017investigating,
  title={Investigating the energy impact of {Android} smells},
  author={Carette, Antonin and Younes, Mehdi Adel Ait and Hecht, Geoffrey and Moha, Naouel and Rouvoy, Romain},
  booktitle={Proceedings of the 24th International IEEE Conference on Software Analysis, Evolution and Reengineering},
  pages={10},
  year={2017},
  organization={IEEE}
}

@inproceedings{wang2016profiling,
  title={Profiling the responsiveness of {Android} applications via automated resource amplification},
  author={Wang, Yan and Rountev, Atanas},
  booktitle={Proceedings of the International Conference on Mobile Software Engineering and Systems},
  pages={48--58},
  year={2016},
  organization={ACM}
}

@inproceedings{linares2015developers,
  title={How developers detect and fix performance bottlenecks in {Android} apps},
  author={Linares-Vasquez, Mario and Vendome, Christopher and Luo, Qi and Poshyvanyk, Denys},
  booktitle={IEEE International Conference on Software Maintenance and Evolution},
  pages={352--361},
  year={2015},
  organization={IEEE}
}

@inproceedings{liu2014characterizing,
  title={Characterizing and detecting performance bugs for smartphone applications},
  author={Liu, Yepang and Xu, Chang and Cheung, Shing-Chi},
  booktitle={Proceedings of the 36th International Conference on Software Engineering},
  pages={1013--1024},
  year={2014},
  organization={ACM}
}

@inproceedings{traceability,
  title={Traceability in the wild: {Automatically} augmenting incomplete trace links},
  author={Rath, Michael and Rendall, Jacob and Guo, Jin LC and Cleland-Huang, Jane and M{\"a}der, Patrick},
  booktitle={Proceedings of the 40th International Conference on Software Engineering},
  pages={834--845},
  year={2018},
  organization={ACM}
}

@inproceedings{kwon2013mantis,
  title={Mantis: {Automatic} performance prediction for smartphone applications},
  author={Kwon, Yongin and Lee, Sangmin and Yi, Hayoon and Kwon, Donghyun and Yang, Seungjun and Chun, Byung-Gon and Huang, Ling and Maniatis, Petros and Naik, Mayur and Paek, Yunheung},
  booktitle={Proceedings of the 2013 USENIX conference on Annual Technical Conference},
  pages={297--308},
  year={2013},
  organization={USENIX Association}
}

@inproceedings{qian2011profiling,
  title={Profiling resource usage for mobile applications: {A} cross-layer approach},
  author={Qian, Feng and Wang, Zhaoguang and Gerber, Alexandre and Mao, Zhuoqing and Sen, Subhabrata and Spatscheck, Oliver},
  booktitle={Proceedings of the 9th international conference on Mobile systems, applications, and services},
  pages={321--334},
  year={2011},
  organization={ACM}
}

@inproceedings{ravindranath2012appinsight,
  title={{AppInsight}: {Mobile} app performance monitoring in the wild},
  author={Ravindranath, Lenin and Padhye, Jitendra and Agarwal, Sharad and Mahajan, Ratul and Obermiller, Ian and Shayandeh, Shahin},
  booktitle={Proceedings of the 10th USENIX Symposium on Operating Systems Design and Implementation},
  volume={12},
  pages={107--120},
  year={2012}
}

@inproceedings{zhang2013panappticon,
  title={Panappticon: {Event-based} tracing to measure mobile application and platform performance},
  author={Zhang, Lide and Bild, David R and Dick, Robert P and Mao, Z Morley and Dinda, Peter},
  booktitle={Proceedings of the International Conference on Hardware/Software Codesign and System Synthesis},
  pages={1--10},
  year={2013},
  organization={IEEE}
}

@inproceedings{nistor2014suncat,
  title={Suncat: {Helping} developers understand and predict performance problems in smartphone applications},
  author={Nistor, Adrian and Ravindranath, Lenin},
  booktitle={Proceedings of the International Symposium on Software Testing and Analysis},
  pages={282--292},
  year={2014},
  organization={ACM}
}

@inproceedings{lin2014retrofitting,
  title={Retrofitting concurrency for {Android} applications through refactoring},
  author={Lin, Yu and Radoi, Cosmin and Dig, Danny},
  booktitle={Proceedings of the 22nd ACM SIGSOFT International Symposium on Foundations of Software Engineering},
  pages={341--352},
  year={2014},
  organization={ACM}
}

@article{khalid2015mobile,
  title={What do mobile app users complain about?},
  author={Khalid, Hammad and Shihab, Emad and Nagappan, Meiyappan and Hassan, Ahmed E},
  journal={IEEE Software},
  volume={32},
  number={3},
  pages={70--77},
  year={2015},
  publisher={IEEE}
}

@inproceedings{xu2008precise,
  title={Precise memory leak detection for {Java} software using container profiling},
  author={Xu, Guoqing and Rountev, Atanas},
  booktitle={Proceedings of the 30th international conference on Software engineering},
  pages={151--160},
  year={2008},
  organization={ACM}
}

@inproceedings{yan2014leakchecker,
  title={LeakChecker: {Practical} static memory leak detection for managed languages},
  author={Yan, Dacong and Xu, Guoqing and Yang, Shengqian and Rountev, Atanas},
  booktitle={Proceedings of Annual IEEE/ACM International Symposium on Code Generation and Optimization},
  pages={87},
  year={2014},
  organization={ACM}
}

@article{wu2016light,
  title={Light-weight, inter-procedural and callback-aware resource leak detection for {Android} apps},
  author={Wu, Tianyong and Liu, Jierui and Xu, Zhenbo and Guo, Chaorong and Zhang, Yanli and Yan, Jun and Zhang, Jian},
  journal={IEEE Transactions on Software Engineering},
  volume={42},
  number={11},
  pages={1054--1076},
  year={2016}
}

@inproceedings{liu2016understanding,
  title={Understanding and detecting wake lock misuses for {Android} applications},
  author={Liu, Yepang and Xu, Chang and Cheung, Shing-Chi and Terragni, Valerio},
  booktitle={Proceedings of the 24th ACM SIGSOFT International Symposium on Foundations of Software Engineering},
  pages={396--409},
  year={2016},
  organization={ACM}
}

@inproceedings{hu2018tale,
  title={A tale of two cities: {How} {WebView} induces bugs to {Android} applications},
  author={Hu, Jiajun and Wei, Lili and Liu, Yepang and Cheung, Shing-Chi and Huang, Huaxun},
  booktitle={Proceedings of the 33rd ACM/IEEE International Conference on Automated Software Engineering},
  pages={702--713},
  year={2018},
  organization={ACM}
}

@inproceedings{jump2007cork,
  title={Cork: {Dynamic} memory leak detection for garbage-collected languages},
  author={Jump, Maria and McKinley, Kathryn S},
  booktitle={{ACM SIGPLAN Notices}},
  volume={42},
  number={1},
  pages={31--38},
  year={2007},
  organization={ACM}
}

@inproceedings{clause2010leakpoint,
  title={{LEAKPOINT}: {Pinpointing} the causes of memory leaks},
  author={Clause, James and Orso, Alessandro},
  booktitle={Proceedings of the 32nd ACM/IEEE International Conference on Software Engineering},
  pages={515--524},
  year={2010},
  organization={ACM}
}

@inproceedings{gao2017every,
  title={Every pixel counts: {Fine-grained} {UI} rendering analysis for mobile applications},
  author={Gao, Yi and Luo, Yang and Chen, Daqing and Huang, Haocheng and Dong, Wei and Xia, Mingyuan and Liu, Xue and Bu, Jiajun},
  booktitle={IEEE Conference on Computer Communications},
  pages={1--9},
  year={2017},
  organization={IEEE}
}

@inproceedings{deber2015much,
  title={How much faster is fast enough?: {User} perception of latency \& latency improvements in direct and indirect touch},
  author={Deber, Jonathan and Jota, Ricardo and Forlines, Clifton and Wigdor, Daniel},
  booktitle={Proceedings of the 33rd Annual ACM Conference on Human Factors in Computing Systems},
  pages={1827--1836},
  year={2015},
  organization={ACM}
}

@inproceedings{huang2010anatomizing,
  title={Anatomizing application performance differences on smartphones},
  author={Huang, Junxian and Xu, Qiang and Tiwana, Birjodh and Mao, Z Morley and Zhang, Ming and Bahl, Paramvir},
  booktitle={Proceedings of the 8th international conference on Mobile systems, applications, and services},
  pages={165--178},
  year={2010},
  organization={ACM}
}

@inproceedings{zhao2018leveraging,
  title={Leveraging program analysis to reduce user-perceived latency in mobile applications},
  author={Zhao, Yixue and Laser, Marcelo Schmitt and Lyu, Yingjun and Medvidovic, Nenad},
  booktitle={Proceedings of the International Conference on Software Engineering},
  year={2018}
}

@inproceedings{lee2015outatime,
  title={Outatime: {Using} speculation to enable low-latency continuous interaction for mobile cloud gaming},
  author={Lee, Kyungmin and Chu, David and Cuervo, Eduardo and Kopf, Johannes and Degtyarev, Yury and Grizan, Sergey and Wolman, Alec and Flinn, Jason},
  booktitle={Proceedings of the 13th Annual International Conference on Mobile Systems, Applications, and Services},
  pages={151--165},
  year={2015},
  organization={ACM}
}

@article{huang2017shuffledog,
  title={Shuffledog: {Characterizing} and adapting user-perceived latency of android apps},
  author={Huang, Gang and Xu, Mengwei and Lin, Felix Xiaozhu and Liu, Yunxin and Ma, Yun and Pushp, Saumay and Liu, Xuanzhe},
  journal={IEEE Transactions on Mobile Computing},
  volume={16},
  number={10},
  pages={2913--2926},
  year={2017},
  publisher={IEEE}
}

@inproceedings{lyu2018remove,
  title={Remove {RATs} from your code: {Automated} optimization of resource inefficient database writes for mobile applications},
  author={Lyu, Yingjun and Li, Ding and Halfond, William GJ},
  booktitle={Proceedings of the 27th International Symposium on Software Testing and Analysis},
  pages={310--321},
  year={2018},
  organization={ACM}
}

@inproceedings{nguyen2015reducing,
  title={Reducing smartphone application delay through read/write isolation},
  author={Nguyen, David T and Zhou, Gang and Xing, Guoliang and Qi, Xin and Hao, Zijiang and Peng, Ge and Yang, Qing},
  booktitle={Proceedings of the 13th Annual International Conference on Mobile Systems, Applications, and Services},
  pages={287--300},
  year={2015},
  organization={ACM}
}

@inproceedings{rosen2017push,
  title={Push or request: {An} investigation of {HTTP/2} server push for improving mobile performance},
  author={Rosen, Sanae and Han, Bo and Hao, Shuai and Mao, Z Morley and Qian, Feng},
  booktitle={Proceedings of the 26th International Conference on World Wide Web},
  pages={459--468},
  year={2017}
}

@inproceedings{nejati2016depth,
  title={An in-depth study of mobile browser performance},
  author={Nejati, Javad and Balasubramanian, Aruna},
  booktitle={Proceedings of the 25th International Conference on World Wide Web},
  pages={1305--1315},
  year={2016},
  organization={International World Wide Web Conferences Steering Committee}
}

@inproceedings{kang2016diagdroid,
  title={{DiagDroid}: {Android} performance diagnosis via anatomizing asynchronous executions},
  author={Kang, Yu and Zhou, Yangfan and Xu, Hui and Lyu, Michael R},
  booktitle={Proceedings of the 24th ACM SIGSOFT International Symposium on Foundations of Software Engineering},
  pages={410--421},
  year={2016},
  organization={ACM}
}

@article{Liu:SW15,
  author={Liu, Yepang and Xu, Chang and Cheung, S.C.},
  journal={IEEE Software},
  title={Diagnosing Energy Efficiency and Performance for Mobile Internetware Applications},
  year={2015},
  volume={32},
  number={1},
  pages={67-75},
  doi={10.1109/MS.2015.4},
  month={Jan},
}

@inproceedings{li2019characterizing,
	title={Characterizing and Detecting Inefficient Image Displaying Issues in Android Apps},
	author={Li, Wenjie and Jiang, Yanyan and Xu, Chang and Liu, Yepang and Ma, Xiaoxing and L{\"u}, Jian},
	booktitle={2019 IEEE 26th International Conference on Software Analysis, Evolution and Reengineering (SANER)},
	pages={355--365},
	year={2019},
	organization={IEEE}
}

